% This file was created with JabRef 2.7b.
% Encoding: UTF-8

@MISC{class_notes,
  author = {Χρήστος Δουληγέρης},
  title = {Σημειώσεις στα Δίκτυα Υπολογιστών},
  howpublished = {Σημειώσεις μαθήματος},
  year = {Απρίλιος 2010},
  institution = {Πανεπιστήμιο Πειραιώς}
}

@MISC{class_notes_2,
  author = {Χρήστος Δουληγέρης},
  title = {Διαφάνειες στα Δίκτυα Υπολογιστών},
  howpublished = {Σημειώσεις μαθήματος},
  year = {2014},
  institution = {Πανεπιστήμιο Πειραιώς}
}

@book{eap_diktia,
  title={Δίκτυα Υπολογιστών Ι},
  author={Φούσκας Γιώργος},
  year={2002},
  publisher={Ελληνικό Ανοικτό Πανεπιστήμιο}
}

@MISC{wiki:spr,
  author = {Wikipedia},
  title = {Selective Repeat ARQ --- {W}ikipedia{,} The Free Encyclopedia},
  howpublished = {http://en.wikipedia.org/wiki/Selective\_Repeat\_ARQ}},
  note = {[Πρόσβαση στις 27 Νοεμβρίου 2014]},
  timestamp = {2014.11.27},
  url = {http://en.wikipedia.org/wiki/Selective\_Repeat\_ARQ}
}

@MISC{wiki:bgp,
  author = {Wikipedia},
  title = {Border Gateway Protocol --- {W}ikipedia{,} The Free Encyclopedia},
  howpublished = {http://en.wikipedia.org/wiki/Border\_Gateway\_Protocol}},
  note = {[Πρόσβαση στις 9 Φεβρουαρίου 2015]},
  timestamp = {2015.02.09},
  url = {http://en.wikipedia.org/wiki/Border\_Gateway\_Protocol}
}

@book{kurose_networking,
  title={Computer Networking A Top - Down approach (6th edition)},
  author={James F. Kurose, Keith W. Ross},
  year={2013},
  publisher={Pearson}
}

@article{ipj_3-4,
   title = {The Trouble with NAT},
   author = {Lisa Phifer},
   journal = {Internet Protocol Journal},
   volume={3},
   number={4},
   month = {December},
   year = {2000},
   pages={2--13},
   url = {http://www.cisco.com/web/about/ac123/ac147/ac174/ac182/about\_cisco\_ipj\_archive\_article09186a00800c83ec.html}
}

@article{ipj_7-3,
   title = {Anatomy: Inside Network Address Translators},
   author = {Geoff Huston},
   journal = {Internet Protocol Journal},
   volume={7},
   number={3},
   month = {September},
   year = {2004},
   pages={2--32},
   url = {http://www.cisco.com/web/about/ac123/ac147/archived\_issues/ipj\_7-3/anatomy.html}
}

@article{ipj_13-2,
   title = {NAT++: Address Sharing in IPv4},
   author = {Geoff Huston},
   journal = {Internet Protocol Journal},
   volume={13},
   number={2},
   month = {June},
   year = {2010},
   pages={2--15},
   url = {http://www.cisco.com/web/about/ac123/ac147/archived\_issues/ipj\_13-2/132\_address.html}
}
